<?xml version="1.0" encoding="UTF-8"?><collection xmlns="http://www.loc.gov/MARC21/slim"><record><leader>00423nam--2200157-i-4500</leader><controlfield tag="001">000019248</controlfield><controlfield tag="002">20161230</controlfield><controlfield tag="005">20170111002404</controlfield><controlfield tag="008">060222s1000------------r-----000-0-eng-d</controlfield><datafield ind1=" " ind2=" " tag="080"><subfield code="a">616-001.28.614.876</subfield></datafield><datafield ind1=" " ind2=" " tag="100"><subfield code="a">Fitzgerald, J.J</subfield></datafield><datafield ind1=" " ind2=" " tag="245"><subfield code="a">Applied radiation protection and control</subfield></datafield><datafield ind1=" " ind2=" " tag="260"><subfield code="a">New York</subfield><subfield code="b">Mcgraw-Hill Comp. Inc</subfield><subfield code="c">1970</subfield></datafield><datafield ind1=" " ind2=" " tag="300"><subfield code="a">XII + /-542-1018/ p</subfield></datafield><datafield ind1=" " ind2=" " tag="852"><subfield code="a">34957</subfield></datafield><datafield ind1=" " ind2=" " tag="CAT"><subfield code="a">SYS</subfield><subfield code="c">20170111</subfield><subfield code="h">002404</subfield></datafield></record></collection>